@article{BBC.2018,
 author = {},
 date = {2018-11-05},
 title = {Madagascar profile - Timeline},
 journal = {BBC News},
 url = {https://www.bbc.com/news/world-africa-13864364},
 urldate = {06.09.2022},
}